@article{benington1983production,
  title={Production of large computer programs},
  author={Benington, Herbert D},
  journal={Annals of the History of Computing},
  volume={5},
  number={4},
  pages={350--361},
  year={1983},
  publisher={IEEE}
}

@inproceedings{royce1987managing,
  title={Managing the development of large software systems: concepts and techniques},
  author={Royce, Winston W},
  booktitle={Proceedings of the 9th international conference on Software Engineering},
  pages={328--338},
  year={1987},
  organization={IEEE Computer Society Press}
}

@inproceedings{golfarelli2012sprint,
  title={Sprint planning optimization in agile data warehouse design},
  author={Golfarelli, Matteo and Rizzi, Stefano and Turricchia, Elisa},
  booktitle={International Conference on Data Warehousing and Knowledge Discovery},
  pages={30--41},
  year={2012},
  organization={Springer}
}

@article{dybaa2008empirical,
  title={Empirical studies of agile software development: A systematic review},
  author={Dyb{\aa}, Tore and Dings{\o}yr, Torgeir},
  journal={Information and software technology},
  volume={50},
  number={9-10},
  pages={833--859},
  year={2008},
  publisher={Elsevier}
}

@article{beck2001manifesto,
  title={Manifesto for agile software development},
  author={Beck, Kent and Beedle, Mike and Van Bennekum, Arie and Cockburn, Alistair and Cunningham, Ward and Fowler, Martin and Grenning, James and Highsmith, Jim and Hunt, Andrew and Jeffries, Ron and others},
  year={2001}
}

@book{cohn2004user,
  title={User stories applied: For agile software development},
  author={Cohn, Mike},
  year={2004},
  publisher={Addison-Wesley Professional}
}

@misc{atlassian_2018,
    title={Portfolio for Jira},
    url={https://www.atlassian.com/software/jira/portfolio},
    journal={Atlassian},
    publisher={Atlassian},
    author={Atlassian}, year={2018}
}

@article{kolisch2001integrated,
  title={An integrated survey of deterministic project scheduling},
  author={Kolisch, Rainer and Padman, Rema},
  journal={Omega},
  volume={29},
  number={3},
  pages={249--272},
  year={2001},
  publisher={Elsevier}
}

@article{land1960automatic,
  title={An automatic method of solving discrete programming problems},
  author={Land, Ailsa H and Doig, Alison G},
  journal={Econometrica: Journal of the Econometric Society},
  pages={497--520},
  year={1960},
  publisher={JSTOR}
}


@article{clausen1999branch,
  title={Branch and bound algorithms-principles and examples},
  author={Clausen, Jens},
  journal={Department of Computer Science, University of Copenhagen},
  pages={1--30},
  year={1999}
}

@misc{wake_2003,
    title={INVEST in Good Stories, and SMART Tasks},
    url={https://xp123.com/articles/invest-in-good-stories-and-smart-tasks/},
    journal={XP123},
    author={Wake, Bill},
    year={2003}
}

@misc{ibm_corporation_2018,
    title={Constraint programming with CP Optimizer},
    url={https://www.ibm.com/support/knowledgecenter/SSSA5P_12.8.0/ilog.odms.cpo.help/CP_Optimizer/Getting_started/topics/color_model.html},
    journal={IBM Knowledge Center},
    publisher={IBM Corporation},
    author={IBM},
    year={2018}
}

@article{ahuja2002survey,
  title={A survey of very large-scale neighborhood search techniques},
  author={Ahuja, Ravindra K and Ergun, {\"O}zlem and Orlin, James B and Punnen, Abraham P},
  journal={Discrete Applied Mathematics},
  volume={123},
  number={1-3},
  pages={75--102},
  year={2002},
  publisher={Elsevier}
}

@inproceedings{shaw1998using,
  title={Using constraint programming and local search methods to solve vehicle routing problems},
  author={Shaw, Paul},
  booktitle={International conference on principles and practice of constraint programming},
  pages={417--431},
  year={1998},
  organization={Springer}
}

@article{ropke2006adaptive,
  title={An adaptive large neighborhood search heuristic for the pickup and delivery problem with time windows},
  author={Ropke, Stefan and Pisinger, David},
  journal={Transportation science},
  volume={40},
  number={4},
  pages={455--472},
  year={2006},
  publisher={Informs}
}

@article{glover1989tabu,
  title={Tabu searchâ€”part I},
  author={Glover, Fred},
  journal={ORSA Journal on computing},
  volume={1},
  number={3},
  pages={190--206},
  year={1989},
  publisher={INFORMS}
}

@article{kirkpatrick1983optimization,
  title={Optimization by simulated annealing},
  author={Kirkpatrick, Scott and Gelatt, C Daniel and Vecchi, Mario P},
  journal={science},
  volume={220},
  number={4598},
  pages={671--680},
  year={1983},
  publisher={American Association for the Advancement of Science}
}

@article{ben2004computing,
  title={Computing the initial temperature of simulated annealing},
  author={Ben-Ameur, Walid},
  journal={Computational Optimization and Applications},
  volume={29},
  number={3},
  pages={369--385},
  year={2004},
  publisher={Springer}
}

@article{battiti1994reactive,
  title={The reactive tabu search},
  author={Battiti, Roberto and Tecchiolli, Giampietro},
  journal={ORSA journal on computing},
  volume={6},
  number={2},
  pages={126--140},
  year={1994},
  publisher={INFORMS}
}

@misc{garey1979computers,
  title={Computers and intractability: a guide to NP-completeness},
  author={Garey, Michael R and Johnson, David S},
  year={1979},
  publisher={WH Freeman and Company, San Francisco}
}

@article{blum2003metaheuristics,
  title={Metaheuristics in combinatorial optimization: Overview and conceptual comparison},
  author={Blum, Christian and Roli, Andrea},
  journal={ACM computing surveys (CSUR)},
  volume={35},
  number={3},
  pages={268--308},
  year={2003},
  publisher={ACM}
}

@misc{cohn_planning_poker,
    title={Planning Poker: An Agile Estimating and Planning Technique}, url={https://www.mountaingoatsoftware.com/agile/planning-poker},
    journal={Mountain Goat Software},
    year={2018},
    author={Cohn, Mike}
}

@inproceedings{brezovcnik2018scrum,
  title={Scrum Task Allocation Based on Particle Swarm Optimization},
  author={Brezo{\v{c}}nik, Lucija and Fister, Iztok and Podgorelec, Vili},
  booktitle={International Conference on Bioinspired Methods and Their Applications},
  pages={38--49},
  year={2018},
  organization={Springer}
}

@inproceedings{eberhart1995particle,
  title={Particle swarm optimization},
  author={Eberhart, Russell and Kennedy, James},
  booktitle={Proceedings of the IEEE international conference on neural networks},
  volume={4},
  pages={1942--1948},
  year={1995},
  organization={Citeseer}
}


@misc{scaled_agile_inc_2018,
    title={SAFe White Paper},
    url={https://www.scaledagile.com/resources/safe-whitepaper/},
    journal={Scaled Agile},
    publisher={Scaled Agile, Inc.},
    author={Scaled Agile, Inc.},
    year={2018}
}

@article{pope1988cookbook,
  title={A cookbook for using the model-view-controller user interface paradigm in Smalltalk-80},
  author={Pope, Krasner GEST and Krasner, S},
  journal={Journal of object-oriented programming},
  volume={1},
  year={1988}
}

@article{golfarelli2013multi,
  title={Multi-sprint planning and smooth replanning: An optimization model},
  author={Golfarelli, Matteo and Rizzi, Stefano and Turricchia, Elisa},
  journal={Journal of systems and software},
  volume={86},
  number={9},
  pages={2357--2370},
  year={2013},
  publisher={Elsevier}
}

@article{greer2004software,
  title={Software release planning: an evolutionary and iterative approach},
  author={Greer, Des and Ruhe, Guenther},
  journal={Information and software technology},
  volume={46},
  number={4},
  pages={243--253},
  year={2004},
  publisher={Elsevier}
}

@inproceedings{deb2000fast,
  title={A fast elitist non-dominated sorting genetic algorithm for multi-objective optimization: NSGA-II},
  author={Deb, Kalyanmoy and Agrawal, Samir and Pratap, Amrit and Meyarivan, Tanaka},
  booktitle={International conference on parallel problem solving from nature},
  pages={849--858},
  year={2000},
  organization={Springer}
}

@book{russell2016artificial,
  title={Artificial intelligence: a modern approach},
  author={Russell, Stuart J and Norvig, Peter},
  year={2016},
  publisher={Malaysia; Pearson Education Limited,}
}

@article{dantzig1949programming,
  title={Programming of interdependent activities: II mathematical model},
  author={Dantzig, George B},
  journal={Econometrica, Journal of the Econometric Society},
  pages={200--211},
  year={1949},
  publisher={JSTOR}
}